<record><leader>00000cas a22000007a 4500</leader><controlfield tag="001">10886380</controlfield><controlfield tag="008">840626u1886uuuunyuwr ne      0    0heb d</controlfield><datafield ind1=" " ind2=" " tag="010"><subfield code="a">sn 84031114 </subfield></datafield><datafield ind1=" " ind2=" " tag="040"><subfield code="a">NYG</subfield><subfield code="b">eng</subfield><subfield code="c">NYG</subfield><subfield code="d">NYS</subfield><subfield code="d">OCLCQ</subfield><subfield code="d">MBB</subfield><subfield code="d">OCLCQ</subfield></datafield><datafield ind1="0" ind2=" " tag="041"><subfield code="a">hebengger</subfield></datafield><datafield ind1=" " ind2=" " tag="042"><subfield code="a">msc</subfield></datafield><datafield ind1="1" ind2="4" tag="050"><subfield code="a">DS101</subfield><subfield code="b">52</subfield></datafield><datafield ind1="0" ind2="4" tag="245"><subfield code="a">Die Niv Ierker Iurishe Folkstseytung =</subfield><subfield code="b">New York Jewish Volkzeitung.</subfield></datafield><datafield ind1="3" ind2="0" tag="246"><subfield code="a">New York Jewish Volkzeitung</subfield></datafield><datafield ind1="1" ind2="3" tag="246"><subfield code="a">N.Y. Jewish Volkzeitung</subfield></datafield><datafield ind1=" " ind2=" " tag="260"><subfield code="a">New York :</subfield><subfield code="b">[A.A. Kantor &amp; T.B. Brooks,</subfield><subfield code="c">1886]-</subfield></datafield><datafield ind1=" " ind2=" " tag="300"><subfield code="a">v.</subfield></datafield><datafield ind1=" " ind2=" " tag="310"><subfield code="a">Weekly</subfield></datafield><datafield ind1="0" ind2=" " tag="362"><subfield code="a">Vol. 1, no. 1 (June 25, 1886)-</subfield></datafield><datafield ind1=" " ind2=" " tag="500"><subfield code="a">Published later by Kantor, Brooks &amp; Goldstein.</subfield></datafield><datafield ind1=" " ind2=" " tag="530"><subfield code="a">Also issued on microfilm from Kraus-Thomson Microform, made by N.Y. Public Library.</subfield></datafield><datafield ind1=" " ind2=" " tag="546"><subfield code="a">In Hebrew, German and English.</subfield></datafield><datafield ind1=" " ind2="4" tag="651"><subfield code="a">New York (N.Y.)</subfield><subfield code="v">Newspapers.</subfield></datafield><datafield ind1=" " ind2=" " tag="752"><subfield code="a">United States</subfield><subfield code="b">New York</subfield><subfield code="c">New York</subfield><subfield code="d">New York.</subfield></datafield><datafield ind1="1" ind2=" " tag="029"><subfield code="a">AU@</subfield><subfield code="b">000020635554</subfield></datafield></record>